@book{2010Iaae,
series = {Collana di istruzione scientifica. Serie di informatica},
publisher = {McGraw-Hill},
booktitle = {Introduzione agli algoritmi e strutture dati},
isbn = {9788838665158},
year = {2010},
title = {Introduzione agli algoritmi e strutture dati / Thomas Cormen ... [et al.] ; edizione italiana a cura di Livio Colussi},
edition = {3. ed},
language = {ita},
address = {Milano [etc.},
keywords = {Algoritmi},
lccn = {9788838665158},
}

